<record><leader>00000cas a22000007a 4500</leader><controlfield tag="001">12368508</controlfield><controlfield tag="008">850809d19471973pauwr n       0    0eng d</controlfield><datafield ind1=" " ind2=" " tag="010"><subfield code="a">sn 85054776 </subfield></datafield><datafield ind1=" " ind2=" " tag="040"><subfield code="a">PLF</subfield><subfield code="b">eng</subfield><subfield code="c">PLF</subfield><subfield code="d">NPH</subfield><subfield code="d">OCLCQ</subfield></datafield><datafield ind1=" " ind2=" " tag="042"><subfield code="a">msc</subfield></datafield><datafield ind1="0" ind2=" " tag="130"><subfield code="a">Philadelphia Jewish times (Philadelphia, Pa. : 1947)</subfield></datafield><datafield ind1="1" ind2="4" tag="245"><subfield code="a">The Philadelphia Jewish times.</subfield></datafield><datafield ind1="1" ind2="7" tag="246"><subfield code="a">Jewish times</subfield><subfield code="f">Sept. 19-Oct. 10, 1947</subfield></datafield><datafield ind1=" " ind2=" " tag="260"><subfield code="a">Philadelphia, Pa. :</subfield><subfield code="b">P. Klein,</subfield><subfield code="c">1947-1973.</subfield></datafield><datafield ind1=" " ind2=" " tag="300"><subfield code="a">7 v. :</subfield><subfield code="b">ill.</subfield></datafield><datafield ind1=" " ind2=" " tag="310"><subfield code="a">Weekly</subfield></datafield><datafield ind1="0" ind2=" " tag="362"><subfield code="a">Vol. 37, no. 4 (Sept. 19, 1947)-v. 43, no. 26 (June 28, 1973).</subfield></datafield><datafield ind1="8" ind2=" " tag="521"><subfield code="a">"The only independent newspaper of the Philadelphia Jewish community."</subfield></datafield><datafield ind1=" " ind2=" " tag="752"><subfield code="a">United States</subfield><subfield code="b">Pennsylvania</subfield><subfield code="c">Philadelphia</subfield><subfield code="d">Philadelphia.</subfield></datafield><datafield ind1="0" ind2="0" tag="780"><subfield code="t">Jewish times (Philadelphia, Pa. : 1933)</subfield><subfield code="w">(DLC)sn 85054775</subfield></datafield><datafield ind1="0" ind2="0" tag="785"><subfield code="t">Jewish times (Philadelphia, Pa. : 1973)</subfield><subfield code="w">(DLC)sn 85054777</subfield></datafield></record>